@article{stevens2013advanced,
  title={Advanced Programming in the UNIX Environment},
  author={Stevens, W Richard and Rago, Stephen A},
  journal={Addison-Wesley Professional},
  year={2013},
  doi={10.1093/ajae/aaq063}
}

@book{hintjens2013zeromq,
  title={ZeroMQ: Messaging for Many Applications},
  author={Hintjens, Pieter},
  year={2013},
  publisher={O'Reilly Media},
  isbn={978-1449334062}
}

@inproceedings{michael1996simple,
  title={Simple, fast, and practical non-blocking and blocking concurrent queue algorithms},
  author={Michael, Maged M and Scott, Michael L},
  booktitle={Proceedings of the 15th ACM symposium on Principles of distributed computing},
  pages={267--275},
  year={1996},
  doi={10.1145/248052.248106}
}

@article{hagino1987category,
  title={A categorical programming language},
  author={Hagino, Tatsuya},
  year={1987},
  school={University of Edinburgh},
  doi={10.1016/0304-3975(91)90085-G}
}

@misc{boost2023interprocess,
  title={Boost.Interprocess Documentation},
  author={{Boost C++ Libraries}},
  year={2023},
  url={https://www.boost.org/doc/libs/1_82_0/doc/html/interprocess.html}
}

@misc{arrow2023,
  title={Apache Arrow: A cross-language development platform for in-memory analytics},
  author={{Apache Software Foundation}},
  year={2023},
  url={https://arrow.apache.org},
  doi={10.1109/ICDE.2019.00111}
}