% OSDI 2025 References

@article{stevens2013advanced,
  title={Advanced programming in the UNIX environment},
  author={Stevens, W Richard and Rago, Stephen A},
  journal={Addison-Wesley},
  year={2013}
}

@book{gropp1996using,
  title={Using MPI: portable parallel programming with the message-passing interface},
  author={Gropp, William and Lusk, Ewing and Skjellum, Anthony},
  year={1996},
  publisher={MIT press}
}

@book{hintjens2013zeromq,
  title={ZeroMQ: messaging for many applications},
  author={Hintjens, Pieter},
  year={2013},
  publisher={O'Reilly Media}
}

@inproceedings{kalia2014using,
  title={Using RDMA efficiently for key-value services},
  author={Kalia, Anuj and Kaminsky, Michael and Andersen, David G},
  booktitle={Proceedings of the ACM SIGCOMM 2014 Conference},
  pages={295--306},
  year={2014}
}

@article{li1989memory,
  title={Memory coherence in shared virtual memory systems},
  author={Li, Kai and Hudak, Paul},
  journal={ACM Transactions on Computer Systems},
  volume={7},
  number={4},
  pages={321--359},
  year={1989}
}

@article{amza1996treadmarks,
  title={TreadMarks: Shared memory computing on networks of workstations},
  author={Amza, Cristiana and Cox, Alan L and Dwarkadas, Sandhya and Keleher, Pete and Lu, Honghui and Rajamony, Ramakrishnan and Yu, Weimin and Zwaenepoel, Willy},
  journal={Computer},
  volume={29},
  number={2},
  pages={18--28},
  year={1996},
  publisher={IEEE}
}

@article{gelernter1985generative,
  title={Generative communication in Linda},
  author={Gelernter, David},
  journal={ACM Transactions on Programming Languages and Systems},
  volume={7},
  number={1},
  pages={80--112},
  year={1985}
}

@inproceedings{michael1996simple,
  title={Simple, fast, and practical non-blocking and blocking concurrent queue algorithms},
  author={Michael, Maged M and Scott, Michael L},
  booktitle={Proceedings of the 15th ACM symposium on Principles of distributed computing},
  pages={267--275},
  year={1996}
}

@inproceedings{harris2001pragmatic,
  title={A pragmatic implementation of non-blocking linked-lists},
  author={Harris, Timothy L},
  booktitle={International Symposium on Distributed Computing},
  pages={300--314},
  year={2001},
  organization={Springer}
}

@inproceedings{dechev2010understanding,
  title={Understanding and effectively preventing the ABA problem in descriptor-based lock-free designs},
  author={Dechev, Damian and Pirkelbauer, Peter and Stroustrup, Bjarne},
  booktitle={13th IEEE International Symposium on Object/Component/Service-Oriented Real-Time Distributed Computing},
  pages={185--192},
  year={2010},
  organization={IEEE}
}

@article{dean2008mapreduce,
  title={MapReduce: simplified data processing on large clusters},
  author={Dean, Jeffrey and Ghemawat, Sanjay},
  journal={Communications of the ACM},
  volume={51},
  number={1},
  pages={107--113},
  year={2008}
}

@article{meijer2012your,
  title={Your mouse is a database},
  author={Meijer, Erik},
  journal={Communications of the ACM},
  volume={55},
  number={5},
  pages={66--73},
  year={2012}
}

@article{hunt2007singularity,
  title={Singularity: rethinking the software stack},
  author={Hunt, Galen C and Larus, James R},
  journal={ACM SIGOPS Operating Systems Review},
  volume={41},
  number={2},
  pages={37--49},
  year={2007}
}

@article{turner1979new,
  title={A new implementation technique for applicative languages},
  author={Turner, David A},
  journal={Software: Practice and Experience},
  volume={9},
  number={1},
  pages={31--49},
  year={1979}
}

@phdthesis{hagino1987category,
  title={A categorical programming language},
  author={Hagino, Tatsuya},
  year={1987},
  school={University of Edinburgh}
}

@misc{reactivex,
  title={ReactiveX: An API for asynchronous programming with observable streams},
  author={{ReactiveX Contributors}},
  howpublished={\url{http://reactivex.io}},
  year={2023}
}

@misc{akka,
  title={Akka Streams: An implementation of Reactive Streams},
  author={{Lightbend Inc}},
  howpublished={\url{https://doc.akka.io/docs/akka/current/stream/}},
  year={2023}
}

@article{carbone2015apache,
  title={Apache Flink: Stream and batch processing in a single engine},
  author={Carbone, Paris and Katsifodimos, Asterios and Ewen, Stephan and Markl, Volker and Haridi, Seif and Tzoumas, Kostas},
  journal={Bulletin of the IEEE Computer Society Technical Committee on Data Engineering},
  volume={38},
  number={4},
  year={2015}
}

@inproceedings{zaharia2013discretized,
  title={Discretized streams: Fault-tolerant streaming computation at scale},
  author={Zaharia, Matei and Das, Tathagata and Li, Haoyuan and Hunter, Timothy and Shenker, Scott and Stoica, Ion},
  booktitle={Proceedings of the 24th ACM Symposium on Operating Systems Principles},
  pages={423--438},
  year={2013}
}

@misc{boost,
  title={Boost.Interprocess: Shared memory, memory mapped files, process-shared mutexes, condition variables, containers and allocators},
  author={{Boost C++ Libraries}},
  howpublished={\url{https://www.boost.org/doc/libs/1_82_0/doc/html/interprocess.html}},
  year={2023}
}

@misc{arrow,
  title={Apache Arrow: A cross-language development platform for in-memory analytics},
  author={{Apache Software Foundation}},
  howpublished={\url{https://arrow.apache.org}},
  year={2023}
}

@misc{capnproto,
  title={Cap'n Proto: An insanely fast data interchange format},
  author={Varda, Kenton},
  howpublished={\url{https://capnproto.org}},
  year={2023}
}

@misc{libcds,
  title={libcds: A C++ library of Concurrent Data Structures},
  author={Khiszinsky, Max},
  howpublished={\url{http://libcds.sourceforge.net}},
  year={2023}
}

@misc{folly,
  title={Folly: Facebook Open-source Library},
  author={{Meta Platforms Inc}},
  howpublished={\url{https://github.com/facebook/folly}},
  year={2023}
}

@misc{crossbeam,
  title={Crossbeam: Tools for concurrent programming in Rust},
  author={{Crossbeam Contributors}},
  howpublished={\url{https://github.com/crossbeam-rs/crossbeam}},
  year={2023}
}

@misc{dask,
  title={Dask: Parallel computing with task scheduling},
  author={{Dask Contributors}},
  howpublished={\url{https://dask.org}},
  year={2023}
}

@inproceedings{spark,
  title={Spark: Cluster computing with working sets},
  author={Zaharia, Matei and Chowdhury, Mosharaf and Franklin, Michael J and Shenker, Scott and Stoica, Ion},
  booktitle={2nd USENIX Workshop on Hot Topics in Cloud Computing},
  year={2010}
}